<record><leader>00000cas a22000007a 4500</leader><controlfield tag="001">13899649</controlfield><controlfield tag="008">860718d19031904iaucr ne      0    0eng d</controlfield><datafield ind1=" " ind2=" " tag="010"><subfield code="a">sn 86060073 </subfield></datafield><datafield ind1=" " ind2=" " tag="040"><subfield code="a">INP</subfield><subfield code="b">eng</subfield><subfield code="c">INP</subfield><subfield code="d">OCLCQ</subfield><subfield code="d">IUL</subfield><subfield code="d">OCLCF</subfield></datafield><datafield ind1=" " ind2=" " tag="042"><subfield code="a">msc</subfield></datafield><datafield ind1=" " ind2=" " tag="043"><subfield code="a">n-us-ia</subfield></datafield><datafield ind1="0" ind2="4" tag="245"><subfield code="a">The Creston semi-weekly advertiser-gazette.</subfield></datafield><datafield ind1="1" ind2="3" tag="246"><subfield code="a">Creston advertiser</subfield><subfield code="f">Dec. 4-11, 1903</subfield></datafield><datafield ind1="1" ind2="3" tag="246"><subfield code="a">Creston advertiser and gazette</subfield><subfield code="f">Dec. 15, 1903-July 22, 1904</subfield></datafield><datafield ind1=" " ind2=" " tag="260"><subfield code="a">Creston, Iowa :</subfield><subfield code="b">[s.n.],</subfield><subfield code="c">1903-1904.</subfield></datafield><datafield ind1=" " ind2=" " tag="300"><subfield code="a">2 v. :</subfield><subfield code="b">ill. ;</subfield><subfield code="c">54 cm.</subfield></datafield><datafield ind1=" " ind2=" " tag="310"><subfield code="a">Semiweekly</subfield></datafield><datafield ind1="0" ind2=" " tag="362"><subfield code="a">Vol. 24, no. 49 (Dec. 4, 1903)-v. 25, no. 11 (July 22, 1904).</subfield></datafield><datafield ind1=" " ind2=" " tag="500"><subfield code="a">Official paper of Union County.</subfield></datafield><datafield ind1=" " ind2=" " tag="515"><subfield code="a">Vol. 24, no. 49 (Dec. 4, 1903) misdated Dec. 4, 1904.</subfield></datafield><datafield ind1=" " ind2=" " tag="515"><subfield code="a">Vol. 25, no. 7 repeated in numbering July 8 and 12, 1904.</subfield></datafield><datafield ind1=" " ind2=" " tag="515"><subfield code="a">Vol. 25, no. 8 omitted in numbering.</subfield></datafield><datafield ind1=" " ind2="0" tag="651"><subfield code="a">Creston (Iowa)</subfield><subfield code="v">Newspapers.</subfield></datafield><datafield ind1=" " ind2="0" tag="651"><subfield code="a">Union County (Iowa)</subfield><subfield code="v">Newspapers.</subfield></datafield><datafield ind1=" " ind2="7" tag="651"><subfield code="a">Iowa</subfield><subfield code="z">Creston.</subfield><subfield code="2">fast</subfield><subfield code="0">(OCoLC)fst01218582</subfield></datafield><datafield ind1=" " ind2="7" tag="651"><subfield code="a">Iowa</subfield><subfield code="z">Union County.</subfield><subfield code="2">fast</subfield><subfield code="0">(OCoLC)fst01213219</subfield></datafield><datafield ind1=" " ind2="7" tag="655"><subfield code="a">Newspapers.</subfield><subfield code="2">fast</subfield><subfield code="0">(OCoLC)fst01423814</subfield></datafield><datafield ind1=" " ind2=" " tag="752"><subfield code="a">United States</subfield><subfield code="b">Iowa</subfield><subfield code="c">Union</subfield><subfield code="d">Creston.</subfield></datafield><datafield ind1="0" ind2=" " tag="775"><subfield code="t">Creston daily advertiser-gazette (Creston, Iowa : 1903)</subfield><subfield code="g">1903-&lt;Feb. 5, 1904&gt;</subfield><subfield code="w">(DLC)sn 86060071</subfield><subfield code="w">(OCoLC)13513370</subfield></datafield><datafield ind1="0" ind2="4" tag="780"><subfield code="t">Creston semi-weekly advertiser (Creston, Iowa : 1897)</subfield><subfield code="w">(DLC)sn 86060080</subfield><subfield code="w">(OCoLC)13899640</subfield></datafield><datafield ind1="0" ind2="4" tag="780"><subfield code="t">Creston gazette (Creston, Iowa : 1874)</subfield><subfield code="w">(DLC)sn 84038087</subfield><subfield code="w">(OCoLC)11162695</subfield></datafield><datafield ind1="0" ind2="0" tag="785"><subfield code="t">Creston semi-weekly advertiser (Creston, Iowa : 1904)</subfield><subfield code="w">(DLC)sn 86060081</subfield><subfield code="w">(OCoLC)13899651</subfield></datafield></record>